@online{11Documentation,
  title = {3.11.3 {{Documentation}}},
  url = {https://docs.python.org/3/},
  urldate = {2023-04-22}
}

@online{AccelStepperAccelStepperLibrary,
  title = {{{AccelStepper}}: {{AccelStepper}} Library for {{Arduino}}},
  url = {https://www.airspayce.com/mikem/arduino/AccelStepper/},
  urldate = {2023-04-22},
  file = {C\:\\Users\\jmelk\\Zotero\\storage\\BPU6XFBJ\\AccelStepper.html}
}

@online{ansh2919SerialCommunicationPython2021,
  title = {Serial {{Communication}} between {{Python}} and {{Arduino}}},
  author = {{ansh2919}},
  date = {2021},
  url = {https://www.hackster.io/ansh2919/serial-communication-between-python-and-arduino-e7cce0},
  urldate = {2023-04-21},
  organization = {{Hackter}},
  file = {C\:\\Users\\jmelk\\Zotero\\storage\\2AQZ9BCB\\serial-communication-between-python-and-arduino-e7cce0.html}
}

@online{ArduinoDocsArduino,
  title = {Arduino {{Docs}} | {{Arduino Documentation}}},
  url = {https://docs.arduino.cc/},
  urldate = {2023-04-22},
  abstract = {Browse through hundreds of tutorials, datasheets, guides and other technical documentation to learn everything about your Arduino products.},
  file = {C\:\\Users\\jmelk\\Zotero\\storage\\RUN7Z6KG\\docs.arduino.cc.html}
}

@software{arminServoEasing2023,
  title = {{{ServoEasing}}},
  author = {Armin},
  date = {2023-04-02T20:22:38Z},
  origdate = {2019-01-17T21:33:05Z},
  url = {https://github.com/ArminJo/ServoEasing},
  urldate = {2023-04-22},
  abstract = {Arduino library to enable smooth servo movement.},
  keywords = {arduino,arduino-library,avr,bounce,easing-functions,easings,multiple-servos,pca9685,servo,servo-control,smooth-move,smoothing}
}

@online{b&hphotovideoLogitechC615Webcam,
  title = {Logitech {{C615 Webcam}}},
  author = {B\&H Photo Video},
  url = {https://www.bhphotovideo.com/c/product/795734-REG/Logitech_960_000733_C615_HD_Webcam.html},
  urldate = {2023-04-23},
  abstract = {Buy Logitech C615 Webcam featuring Up to Full HD 1080p Resolution, 30 fps Frame rate, 78° Field of View | 360° Swivel, Auto Focus, Glass Lens, Integrated Mono Mic, Noise Cancellation Technology, HD Light Correction, Clip and Tripod Thread Mounting Options, Plug-and-Play via USB 2.0 Type-A, Windows, Mac, Chrome, Android Compatible. Review Logitech C615},
  langid = {english},
  organization = {{B\&H Photo Video}},
  file = {C\:\\Users\\jmelk\\Zotero\\storage\\569ZWCQB\\Logitech C615 Webcam.html}
}

@article{bbcnewsroundlastCES2022Humanoid2022,
  title = {{{CES}} 2022: {{The}} Humanoid Robot, {{Ameca}}, Revealed at {{CES}} Show},
  shorttitle = {{{CES}} 2022},
  author = {BBC Newsround},
  date = {2022-01-07},
  journaltitle = {BBC Newsround},
  url = {https://www.bbc.com/newsround/59909789},
  urldate = {2023-04-20},
  abstract = {The Consumer Electrics Show (CES) is one of the biggest tech events in the world and one of the most talked about gadgets from this year's show is Ameca the humanoid robot. We take a look!},
  entrysubtype = {newspaper},
  journalsubtitle = {Newsround},
  langid = {british},
  file = {C\:\\Users\\jmelk\\Zotero\\storage\\RHREDLZ4\\59909789.html}
}

@online{bowyerStepStickRepRap2020,
  title = {{{StepStick}} - {{RepRap}}},
  author = {Bowyer, Adrian},
  date = {2020-06-02},
  url = {https://reprap.org/wiki/StepStick},
  urldate = {2023-04-26},
  file = {C\:\\Users\\jmelk\\Zotero\\storage\\Z8GQY2F8\\StepStick.html}
}

@online{cogleyDIYCompact3D2019,
  title = {{{DIY Compact 3D Printed Animatronic Eye Mechanism}}},
  author = {Cogley, Will},
  date = {2019-11-19},
  url = {https://www.instructables.com/DIY-Compact-3D-Printed-Animatronic-Eye-Mechanism/},
  urldate = {2023-04-17},
  abstract = {DIY Compact 3D Printed Animatronic Eye Mechanism:  My previous instructable was an attempt to make an eye mechanism that was as accessible as possible to as many people as possible, but in this project I wanted to design something that was more of a middle-ground between accessibility and quality. …},
  langid = {english},
  organization = {{Instructables}}
}

@video{coreelectronicsFaceMovementTracking2021,
  title = {Face \& {{Movement Tracking System Using}} a {{Raspberry Pi}} + {{OpenCV}} + {{Pan-Tilt HAT}} + {{Python}}},
  editor = {{Core Electronics}},
  date = {2021-11-08},
  url = {https://www.youtube.com/watch?v=T_892SKVNf4},
  urldate = {2023-04-17},
  editortype = {director}
}

@online{cornellbowerscisHumanRobotInteraction2023,
  title = {Human-{{Robot Interaction}}},
  author = {Cornell Bowers CIS},
  date = {2023},
  url = {https://infosci.cornell.edu/research/human-robot-interaction},
  urldate = {2023-04-26},
  abstract = {The Human-Robot Interaction research area is comprised of Info Sci faculty and field faculty members who investigate ways robots can better our lives, whether by direct companionship and collaboration or improving team settings.},
  langid = {english},
  organization = {{Cornell Information Science}},
  file = {C\:\\Users\\jmelk\\Zotero\\storage\\JUIP3N94\\human-robot-interaction.html}
}

@online{detheFaceTrackingOpenCV2019,
  title = {Face {{Tracking OpenCV}}, {{Python}}, \& {{Arduino}}},
  author = {Dethe, Harsh},
  date = {2019-01-30T15:30:06+00:00},
  url = {https://www.learnrobotics.org/blog/face-tracking-opencv/},
  urldate = {2023-04-17},
  abstract = {Face Tracking OpenCV project using Python and Arduino. Build your first face tracking program and use servos to mimic your motion. Great beginner tutorial!},
  langid = {american},
  organization = {{Learn Robotics}}
}

@online{djiOsmoMobileUnfold2022,
  title = {Osmo {{Mobile}} 6 - {{Unfold Your Creativity}}},
  author = {{DJI}},
  date = {2022},
  url = {https://www.dji.com/photo},
  urldate = {2023-04-20},
  abstract = {Osmo Mobile 6 is an intelligent smartphone stabilizer packed with creative features. It's not only compact and easily foldable to fit in your palm, but also launches automatically once unfolded to capture shots at a moment's notice. Get dynamic angles and perfect selfies by using the built-in extension rod. A whole host of intelligent functions and guides are at your disposal. The DJI Mimo app facilitates efficient shooting, editing, and sharing, allowing you to catch every unforgettable moment.},
  langid = {english},
  organization = {{DJI}},
  file = {C\:\\Users\\jmelk\\Zotero\\storage\\SVPL94Z9\\osmo-mobile-6.html}
}

@online{engineeredartslastAmeca2023,
  title = {Ameca},
  author = {Engineered Arts},
  date = {2023},
  url = {https://www.engineeredarts.co.uk/robot/ameca/},
  urldate = {2023-04-26},
  abstract = {Ameca is the world’s most advanced human shaped robot representing the forefront of human-robotics technology designed as a platform for AI development.},
  langid = {british},
  organization = {{Engineered Arts}},
  file = {C\:\\Users\\jmelk\\Zotero\\storage\\NL67LKZM\\ameca.html}
}

@software{gallostraacinArduinoLatexListing2017,
  title = {{{ArduinoLatexListing}}},
  author = {{trihedral}},
  date = {2017-10-03},
  origdate = {2017-10-03T07:13:19Z},
  url = {https://github.com/trihedral/ArduinoLatexListing},
  urldate = {2023-04-17},
  abstract = {A project to enable Arduino IDE syntax highlighting in LaTeX}
}

@software{geitgeyFaceRecognition2023a,
  title = {Face {{Recognition}}},
  author = {Geitgey, Adam},
  date = {2023-04-26T15:25:19Z},
  origdate = {2017-03-03T21:52:39Z},
  url = {https://github.com/ageitgey/face_recognition},
  urldate = {2023-04-26},
  abstract = {The world's simplest facial recognition api for Python and the command line},
  keywords = {face-detection,face-recognition,machine-learning,python}
}

@online{hansonroboticslastSophia2023,
  title = {Sophia},
  author = {Hanson Robotics},
  date = {2023},
  url = {https://www.hansonrobotics.com/sophia/},
  urldate = {2023-04-20},
  abstract = {Sophia Hanson Robotics’ most advanced human-like robot, Sophia, personifies our dreams for the future of AI. As a unique combination of science, engineering, and artistry, Sophia is simultaneously a human-crafted science fiction character depicting the future of AI and robotics, and a platform for advanced robotics and AI research. The character of Sophia captures the […]},
  langid = {american},
  organization = {{Hanson Robotics}},
  file = {C\:\\Users\\jmelk\\Zotero\\storage\\LQC5SEU2\\sophia.html}
}

@video{harriganPortalWheatleyReal2022,
  title = {Portal 2 - {{Wheatley}} in {{Real Life}} - {{Mk II Design}}},
  editor = {family=Harrigan, given=DJ, given-i=DJ},
  date = {2022-01-28},
  url = {https://www.youtube.com/watch?v=oLZX8REK-vs},
  urldate = {2023-04-17},
  editortype = {director}
}

@article{masahiromoriUncannyValleyOriginal2012,
  title = {The {{Uncanny Valley}}: {{The Original Essay}} by {{Masahiro Mori}} - {{IEEE Spectrum}}},
  author = {{Masahiro Mori} and {Karl F. Macdorman}},
  date = {2012-06-12},
  journaltitle = {IEEE Robotics \& Automation Magzine},
  url = {https://api.semanticscholar.org/CorpusID:209316176},
  issue = {June 2012},
  langid = {english},
  file = {C\:\\Users\\jmelk\\Downloads\\MoriTheUncannyValley1970.pdf}
}

@online{MetalGear20,
  title = {Metal {{Gear}} - 20 {{Degree Pressure Angle}}},
  author = {McMaster-Carr},
  url = {https://www.mcmaster.com/},
  urldate = {2023-04-26},
  abstract = {McMaster-Carr is the complete source for your plant with over 595,000 products. 98\% of products ordered ship from stock and deliver same or next day.},
  langid = {english},
  organization = {{McMaster-Carr}},
  file = {C\:\\Users\\jmelk\\Zotero\\storage\\85UXKJ35\\7880K37.html}
}

@online{MetalInternalGear,
  title = {Metal {{Internal Gear}} - 20 {{Degree Pressure Angle}}},
  author = {McMaster-Carr},
  url = {https://www.mcmaster.com/},
  urldate = {2023-04-26},
  abstract = {McMaster-Carr is the complete source for your plant with over 595,000 products. 98\% of products ordered ship from stock and deliver same or next day.},
  langid = {english},
  organization = {{McMaster-Carr}},
  file = {C\:\\Users\\jmelk\\Zotero\\storage\\2C2C962G\\2696N3.html}
}

@software{OpencvOpencv2023,
  title = {Opencv/Opencv},
  date = {2023-04-26T15:33:49Z},
  origdate = {2012-07-19T09:40:17Z},
  url = {https://github.com/opencv/opencv},
  urldate = {2023-04-26},
  abstract = {Open Source Computer Vision Library},
  organization = {{OpenCV}},
  keywords = {c-plus-plus,computer-vision,deep-learning,image-processing,opencv}
}

@online{pattonPRT28Patton2018,
  title = {{{PRT}}\_28 {{Patton Robotics Teensy Motherboard Kit}}},
  author = {Patton, Brian},
  date = {2018},
  url = {https://pattonrobotics.com/products/patton-robotics-teensy-motherboard-kit},
  urldate = {2023-04-26},
  organization = {{Patton Robotics}},
  file = {C\:\\Users\\jmelk\\Zotero\\storage\\7SMZ38XH\\patton-robotics-teensy-motherboard-kit.html}
}

@software{pb2SerialTransfer2023,
  title = {{{SerialTransfer}}},
  author = {PB2},
  date = {2023-04-20T16:41:02Z},
  origdate = {2019-07-16T21:50:05Z},
  url = {https://github.com/PowerBroker2/SerialTransfer},
  urldate = {2023-04-22},
  abstract = {Arduino library to transfer dynamic, packetized data fast and reliably via Serial, I2C, or SPI},
  keywords = {arduino-library,arduino-to-arduino,bytes,communication,i2c,i2c-communication,i2c-protocol,inter-arduino,packets,rx-buffer,senddata,serial,serial-communication,spi,spi-communication,spi-protocol,transfer,tx-buffer,uart,usart}
}

@online{pjrcTeensy2023,
  title = {{{Teensy}}® 4.0},
  author = {{PJRC}},
  date = {2023},
  url = {https://www.pjrc.com/store/teensy40.html},
  urldate = {2023-04-26},
  organization = {{PJRC}},
  file = {C\:\\Users\\jmelk\\Zotero\\storage\\BY5AKB9A\\teensy40.html}
}

@online{polarismarketresearchlastHouseholdRobotsMarket2022,
  title = {Household {{Robots Market Size Global Report}}, 2022 - 2030},
  author = {Polaris Market Research},
  date = {2022-11},
  url = {https://www.polarismarketresearch.com/},
  urldate = {2023-04-19},
  abstract = {The global household robots market was valued at USD 8.03 billion in 2021 and is expected to grow at a CAGR of 16.8\% during the forecast period.},
  langid = {english},
  organization = {{Polaris}},
  file = {C\:\\Users\\jmelk\\Zotero\\storage\\N7F5K5WQ\\household-robots-market.html}
}

@software{powerbroker2PySerialTransfer2023,
  title = {{{pySerialTransfer}}},
  author = {{PowerBroker2}},
  date = {2023-04-08T16:16:31Z},
  origdate = {2019-11-29T07:21:24Z},
  url = {https://github.com/PowerBroker2/pySerialTransfer},
  urldate = {2023-04-21},
  abstract = {Python package to transfer data in a fast, reliable, and packetized form},
  keywords = {arduinos,packet-capturing-libraries,python,robust,serial,serial-communication,serialport,transfer-data,uart,uart-bridge,uart-interface,uart-protocol}
}

@online{robin2SerialInputBasics2016,
  title = {Serial {{Input Basics}} - Updated},
  author = {{Robin2}},
  date = {2016-04-25T15:12:54+00:00},
  url = {https://forum.arduino.cc/t/serial-input-basics-updated/382007},
  urldate = {2023-04-21},
  abstract = {Updated Version Please note that this is a revised version of the advice in this earlier Thread which has become very long. As far as possible I have kept the code examples identical or simplifed them slightly. It should not be necessary to refer to the older Thread, but feel free to do so.   Contents The following sections are in this Tutorial    Introduction    Serial data is slow by Arduino standards    Example 1 - Receiving single characters    Why code is organized into functions    Exampl...},
  langid = {english},
  organization = {{Arduino Forum}},
  file = {C\:\\Users\\jmelk\\Zotero\\storage\\SCXSHM2H\\382007.html}
}

@patent{smootAnimatronicEyeElectromagnetic2019,
  type = {patentus},
  title = {Animatronic Eye with an Electromagnetic Drive and Fluid Suspension and with Video Capability},
  author = {Smoot, Lanny Starkes and Bassett, Katherine May and Hammond, Marcus},
  holder = {{Disney Enterprises Inc}},
  date = {2019-01-15},
  number = {10179040B2},
  url = {https://patents.google.com/patent/US10179040B2/en?q=(Eye+mechanism+for+animatronics+character)&oq=Eye+mechanism+for+animatronics+character},
  urldate = {2023-04-26},
  langid = {english},
  keywords = {assembly,drive,eye,outer shell,spherical body},
  file = {C\:\\Users\\jmelk\\Zotero\\storage\\MXBFR6SF\\Smoot et al. - 2019 - Animatronic eye with an electromagnetic drive and .pdf}
}

@online{terranovaThisAdorableRobotic2015,
  title = {This {{Adorable Robotic Pixar Lamp Recognizes Your Face}}},
  author = {Terranova, Andrew},
  date = {2015-08-25T13:30:21+00:00},
  url = {https://makezine.com/article/technology/robotics/pixar-robotic-desk-lamp/},
  urldate = {2023-04-17},
  abstract = {This Pixar robotic desk lamp was inspired by the cute animated short "Luxo Jr." and shares some of the same curiosity and playfulness.},
  langid = {american},
  organization = {{Make: DIY Projects and Ideas for Makers}}
}

@software{verdierPythonHighlightingLaTeX2023,
  title = {Python Highlighting in {{LaTeX}}},
  author = {Verdier, Olivier},
  date = {2023-04-25T20:42:15Z},
  origdate = {2011-09-19T06:27:45Z},
  url = {https://github.com/olivierverdier/python-latex-highlighting},
  urldate = {2023-04-26},
  abstract = {LaTeX style for Python highlighting}
}

@video{yahiyamullaFaceRecognitionIdentification2020,
  title = {Face {{Recognition}} and {{Identification}} | {{Arduino Face ID}} Using {{openCV}} Python and {{Arduino}}.},
  editor = {{Yahiya Mulla}},
  date = {2020-04-13},
  url = {https://www.youtube.com/watch?v=hldWNSvZf1Q},
  urldate = {2023-04-17},
  editortype = {director}
}
